@article{einstein,
    author = "Albert Einstein",
    title = "{Zur Elektrodynamik bewegter K{\"o}rper}. ({German})
    [{On} the electrodynamics of moving bodies]",
    journal = "Annalen der Physik",
    volume = "322",
    number = "10",
    pages = "891--921",
    year = "1905",
    DOI = "http://dx.doi.org/10.1002/andp.19053221004",
    keywords = "physics"
}

@book{dirac,
    title = {The Principles of Quantum Mechanics},
    author = {Paul Adrien Maurice Dirac},
    isbn = {9780198520115},
    series = {International series of monographs on physics},
    year = {1981},
    publisher = {Clarendon Press},
    keywords = {physics}
}

@online{knuthwebsite,
    author = "Donald Knuth",
    title = "Knuth: Computers and Typesetting",
    url  = "http://www-cs-faculty.stanford.edu/~uno/abcde.html",
    addendum = "(accessed: 01.09.2016)",
    keywords = "latex,knuth"
}


@book{thornton,
    title = {Modern Physics for Scientists and Engineers, 4th Edition (4.a ed.)},
    author = {Thornton, S. T. \& Rex, A.},
    year = {2022},
    publisher = { Cengage Learning},
    keywords = {physics}
}

@article{bohr,
    author = { Bohr, Niels},
    title = "The Spectra of Helium and Hydrogen",
    journal = "Nature",
    volume = "92",
    number = "2295",
    pages = "231–232",
    year = "1913",
    DOI = "https://doi.org/10.1038/092231d0",
    keywords = "physics"
}

@article{rydberguv,    
    author = {  Aliaga, Aldo and 
                Yapur, Benjamin  and
                Trigo, Fabian},
    title = "Análisis Espectral: Determinación de las Longitudes de Onda de Distintos Elementos y Determinación de la Constante de Rydberg",
    year = "2022",
    keywords = "physics",
    doi="https://bit.ly/rydbergc"
}


@article{espectral,
    author = {  Aliaga, Aldo and 
                Yapur, Benjamin  and
                Trigo, Fabian},
    title = "Determinación de Líneas de Emisión de Distintos Elementos Mediante el Uso de un Espectrofotómetro.",
    year = "2022",
    keywords = "physics"
}


@book{virial,
    title = {Physics LibreTexts 2.11: Virial Theorem. },
    url = {https://phys.libretexts.org/Bookshelves/Classical_Mechanics/},
    year = {2018, March 22},
    publisher = {Physics LibreTexts},
    keywords = {physics}
}

@book{zetilli,
    title = {Quantum Mechanics: Concepts and Applications},
    isbn = {9780470026793},
    author = {Nouridine Zettili },
    year = {2009},
    publisher = {Wiley},
    keywords = {physics, quantum mechanics}
}


@online{github,
    author = "Fabian Trigo",
    title = "Algoritmo de Epsilons y Scripts de Lab 4",
    url  = "https://bit.ly/trigoEpsilon",
    keywords = "github,epsilon"
}
‌
@online{github:errores,
    author = "Fabian Trigo",
    title = "Script Python Propagación de Errores",
    url  = "https://bit.ly/trigolab4",
    keywords = "github,epsilon"
}
‌